@article{complexity-penalized-m-estimation,
  author    = {F. Friedrich and A. Kempe and V. Liebscher and G. Winkler},
  title     = {Complexity Penalized M-Estimation},
  subtitle  = {Fast Computation},
  journal   = {Journal of Computational and Graphical Statistics},
  volume    = {17},
  number    = {1},
  pages     = {201-224},
  year      = {2008},
  publisher = {Taylor & Francis},
  doi       = {10.1198/106186008X285591},
  url       = { https://doi.org/10.1198/106186008X285591 },
  eprint    = { https://doi.org/10.1198/106186008X285591 }
}

@article{computationally-efficient-changepoint-detection,
  author    = {Kaylea Haynes and Idris A. Eckley and Paul Fearnhead},
  title     = {Computationally Efficient Changepoint Detection for a Range of Penalties},
  journal   = {Journal of Computational and Graphical Statistics},
  volume    = {26},
  number    = {1},
  pages     = {134-143},
  year      = {2017},
  publisher = {Taylor & Francis},
  doi       = {10.1080/10618600.2015.1116445},
  url       = { 
               https://doi.org/10.1080/10618600.2015.1116445
               
               },
  eprint    = { 
               https://doi.org/10.1080/10618600.2015.1116445
               
               }
}

@article{Hohm-2015,
  doi       = {10.1088/0266-5611/31/11/115011},
  url       = {https://dx.doi.org/10.1088/0266-5611/31/11/115011},
  year      = {2015},
  month     = {oct},
  publisher = {IOP Publishing},
  volume    = {31},
  number    = {11},
  pages     = {115011},
  author    = {Kilian Hohm and Martin Storath and Andreas Weinmann},
  title     = {An algorithmic framework for Mumford–Shah regularization of inverse problems in imaging},
  journal   = {Inverse Problems}
}

@article{segmentation-of-the-mean-of-heteroscedastic-data-via-cv,
  author  = {Sylvain Arlot and Alain Celisse},
  journal = {Statistics and Computing},
  title   = {Segmentation of the mean of heteroscedastic data via cross-validation},
  volume  = {21},
  pages   = {613-632},
  year    = {2010},
  doi     = {10.1007/s11222-010-9196-x},
  url     = {https://doi.org/10.1007/s11222-010-9196-x}
}

@article{jump-penalized-least-absolute-values-estimation-of-scalar-and-circle-valued-signals,
  author  = {Martin Storath and Andreas Weinmann and Michael Unser},
  title   = {Jump-penalized least absolute values estimation of scalar or circle-valued signals},
  journal = {Information and Inference: A Journal of the IMA},
  volume  = {6},
  number  = {3},
  pages   = {225-245},
  year    = {2017},
  month   = {01},
  issn    = {2049-8764},
  doi     = {10.1093/imaiai/iaw022},
  url     = {https://doi.org/10.1093/imaiai/iaw022},
  eprint  = {https://academic.oup.com/imaiai/article-pdf/6/3/225/19686622/iaw022.pdf}
}

@article{smoothing-for-signals-with-discontinuities,
  author  = {Martin Storath and Lukas Kiefer and Andreas Weinmann},
  journal = {Numerische Mathematik},
  title   = {Smoothing for signals with discontinuities
             using higher order Mumford–Shah models},
  volume  = {143},
  pages   = {423-460},
  year    = {2019},
  doi     = {10.1007/s00211-019-01052-8},
  url     = {https://doi.org/10.1007/s00211-019-01052-8}
}

@book{optimal-control-theory,
  author    = {Donald E. Kirk},
  edition   = {13},
  publisher = {Dover Publications},
  title     = {Optimal Control Theory},
  subtitle  = {An Introduction},
  year      = {2004},
  isbn      = {978-0-486-43484-1}
}

@book{advanced-data-structures,
  author    = {Peter Brass},
  edition   = {1},
  publisher = {Cambridge University Press},
  title     = {Advanced Data Structures},
  year      = {2019},
  isbn      = {978-1-108-73551-3}
}

@book{concrete-mathematics,
  author    = {Ronald L. Graham and Donald E. Knuth and Oren Patashnik},
  edition   = {2},
  publisher = {Pearson},
  title     = {Concrete Mathematics},
  subtitle  = {A Foundation for Computer Science},
  year      = {1994},
  isbn      = {978-0-201-55802-9}
}

@book{amann1,
  author    = {Herbert Amann and Joachim Escher},
  editor    = {},
  title     = {Analysis 1},
  publisher = {Birkhäuser},
  year      = {2006},
  edition   = {3},
  isbn      = {978-3-7643-7755-7},
  doi       = {10.1007/978-3-7643-7756-4}
}

@book{amann2,
  author    = {Herbert Amann and Joachim Escher},
  editor    = {},
  title     = {Analysis 2},
  publisher = {Birkhäuser},
  year      = {2006},
  edition   = {2},
  isbn      = {978-3-7643-7105-0},
  doi       = {10.1007/3-7643-7402-0}
}

@book{real-and-functional-analysis-lang,
  author    = {Serge Lang},
  editor    = {S. Axler and F.W. Gehring and P.R. Halmos},
  publisher = {Springer},
  title     = {Real and Functional Analysis},
  year      = {1993},
  series    = {Graduate Texts in Mathematics},
  isbn      = {0-387-94001-4},
  doi       = {10.1007/978-1-4612-0897-6}
}